@article{dimaggio1987classification-758, 
  year    = {1987}, 
  title   = {Classification in Art}, 
  author  = {{DiMaggio}, Paul}, 
  journal = {American sociological review}, 
  issn    = {0003-1224}, 
  url     = {http://culturalheritage.ceistorvergata.it/virtual_library/Classification_in_art_DiMaggio_P.pdf}, 
  pages   = {440--455}, 
  number  = {4}, 
  volume  = {52}
}
@book{lena2012banding-4b5, 
  year      = {2012}, 
  title     = {Banding Together: How Communities Create Genres in Popular Music}, 
  author    = {Lena, Jennifer C}, 
  isbn      = {9781400840458}, 
  url       = {https://books.google.com/books?hl=en&lr=&id=z0jXKP0ZsI0C&oi=fnd&pg=PP1&dq=lena+banding+together&ots=cGxltpV6mD&sig=v958juOSe5g7XgOq9yjp0Prqy2w}, 
  publisher = {Princeton University Press}, 
  month     = {2}
}
@article{lena2008classification-1d7, 
  year    = {2008}, 
  title   = {Classification as Culture: Types and Trajectories of Music Genres}, 
  author  = {Lena, Jennifer C. and Peterson, Richard A.}, 
  journal = {American Sociological Review}, 
  issn    = {0003-1224}, 
  doi     = {10.1177/000312240807300501}, 
  pages   = {697--718}, 
  number  = {5}, 
  volume  = {73}
}
@incollection{lena2015relational-21f, 
  year      = {2015}, 
  title     = {Relational approaches to the sociology of music}, 
  author    = {Lena, Jennifer C}, 
  editor    = {Hanquinet", ["Laurie and Savage"], "Mike}, 
  booktitle = {Routledge International Handbook of the Sociology of Art and Culture}, 
  url       = {https://books.google.com/books?hl=en&lr=&id=D9CPCgAAQBAJ&oi=fnd&pg=PA149&dq=lena+genres+&ots=nN-Q5YprVw&sig=6XzuOuU5iEeMIyvGYCJeS_wvWts}, 
  pages     = {149--160}, 
  publisher = {Routledge}, 
  address   = {New York}
}
@article{vlegels2017music-360, 
  year     = {2017}, 
  keywords = {Cultural omnivore, Music taste, Social network analysis, Two-mode network, Infinite relational model}, 
  title    = {Music classification, genres, and taste patterns: A ground-up network       analysis on the clustering of artist preferences}, 
  author   = {Vlegels, Jef and Lievens, John}, 
  journal  = {Poetics }, 
  issn     = {0304-422X}, 
  doi      = {10.1016/j.poetic.2016.08.004}, 
  url      = {https://www.sciencedirect.com/science/article/pii/S0304422X16301930?casa_token=4nwkRAl66hAAAAAA:QJNC6tzDCm6C_Z35cN2zoXTmtZ6ulGSXi8Lj6LJaZUzbx_2sDvUcxhDw7MmT2ZrXDQzclKohMA}, 
  pages    = {76--89}, 
  volume   = {60}, 
  month    = {2}
}
@article{lizardo2024from-ddd, 
  year    = {2024}, 
  title   = {From Macrogenres to microgenres via relationality}, 
  author  = {Lizardo, Omar}, 
  journal = {Poetics (Hague, Netherlands)}, 
  issn    = {0304-422X}, 
  doi     = {10.1016/j.poetic.2024.101868}, 
  url     = {http://dx.doi.org/10.1016/j.poetic.2024.101868}, 
  pages   = {101868}, 
  number  = {101868}, 
  volume  = {102}
}
@article{goldberg2016what-4e3, 
  year    = {2016}, 
  title   = {What does it mean to span cultural boundaries? Variety and atypicality in       cultural consumption}, 
  author  = {Goldberg, Amir and Hannan, Michael T and Kovács, Balázs}, 
  journal = {American sociological review}, 
  issn    = {0003-1224}, 
  pages   = {215--241}, 
  number  = {2}, 
  volume  = {81 }
}
@article{monk2022inequality-699, 
  year    = {2022}, 
  title   = {Inequality without Groups: Contemporary Theories of Categories,       Intersectional Typicality, and the Disaggregation of Difference}, 
  author  = {Monk, Ellis P}, 
  journal = {Sociological Theory}, 
  issn    = {0735-2751}, 
  doi     = {10.1177/07352751221076863}, 
  url     = {https://journals.sagepub.com/doi/pdf/10.1177/07352751221076863}, 
  pages   = {3--27}, 
  number  = {1}, 
  volume  = {40}, 
  month   = {3}
}
@article{goldberg2018beyond-f2f, 
  year    = {2018}, 
  title   = {Beyond social contagion: Associative diffusion and the emergence of       cultural variation}, 
  author  = {Goldberg, Amir and Stein, Sarah K}, 
  journal = {American sociological review}, 
  pages   = {897–932}, 
  number  = {5}, 
  volume  = {83}
}
@article{mcdonnell2024making-b02, 
  year    = {2024}, 
  title   = {Making Obama iconic: iconic potential and the affordances of images}, 
  author  = {{McDonnell}, Terence E. and Taylor, Marshall A. and Wood, Michael Lee}, 
  journal = {American Journal of Cultural Sociology}, 
  issn    = {2049-7113}, 
  doi     = {10.1057/s41290-024-00210-2}, 
  pages   = {575--619}, 
  number  = {4}, 
  volume  = {12}
}
@article{goldberg2011mapping-77a, 
  year    = {2011}, 
  title   = {Mapping Shared Understandings Using Relational Class Analysis: The Case of       the Cultural Omnivore Reexamined}, 
  author  = {Goldberg, Amir}, 
  journal = {The American journal of sociology}, 
  issn    = {0002-9602}, 
  doi     = {10.1086/657976}, 
  url     = {https://www.journals.uchicago.edu/doi/full/10.1086/657976}, 
  pages   = {1397--1436}, 
  number  = {5}, 
  volume  = {116}
}
@article{puetz2017fields-f30, 
  year    = {2017}, 
  title   = {Fields of Mutual Alignment: A Dual-Order Approach to the Study of Cultural       Holes}, 
  author  = {Puetz, Kyle}, 
  journal = {Sociological Theory}, 
  issn    = {0735-2751}, 
  doi     = {10.1177/0735275117725765}, 
  url     = {https://journals.sagepub.com/doi/pdf/10.1177/0735275117725765?casa_token=bzV3My9iOqsAAAAA:ewnWT160O3QqkqK4JgB0MR7vc4Z-hCsfMRQPo5TU6wq2GLLkYag-1Xk8TMVpRMITlXIZlwg0_E9q}, 
  pages   = {228--260}, 
  number  = {3}, 
  volume  = {35}, 
  month   = {9}
}
@book{bourdieu1984distinction-835, 
  year       = {1984}, 
  title      = {Distinction: A Social Critique of the Judgement of Taste}, 
  author     = {Bourdieu, Pierre}, 
  translator = {["Richard Nice"]}, 
  isbn       = {9780674212770}, 
  url        = {https://books.google.com/books?isbn=0674212770}, 
  publisher  = {Harvard University Press}, 
  address    = {Cambridge, {MA}}
}
@book{bourdieu1993field-8ad, 
  year      = {1993}, 
  title     = {The Field of Cultural Production: Essays on Art and Literature}, 
  author    = {Bourdieu, Pierre}, 
  isbn      = {9780231082877}, 
  url       = {https://books.google.com/books?hl=en&lr=&id=6kHKmIMNoBYC&oi=fnd&pg=PR7&dq=the%2Bfield%2Bof%2Bcultural%2Bproduction&ots=i6VEhpOF01&sig=bbjVD5NdB-V-75DuhWbbWeK8v0I}, 
  publisher = {Columbia University Press}, 
  address   = {New York}
}
@article{lizardo2016cultural-aaa, 
  year    = {2016}, 
  title   = {Cultural objects as prisms: Perceived audience composition of musical       genres as a resource for symbolic exclusion}, 
  author  = {Lizardo, Omar and Skiles, Sara}, 
  journal = {Socius}, 
  url     = {https://scholar.google.ca/scholar?cluster=6153666975246663820&hl=en&as_sdt=0,5&sciodt=0,5}
}
@article{breiger2000tool-db3, 
  year    = {2000}, 
  title   = {A tool kit for practice theory}, 
  author  = {Breiger, Ronald L}, 
  journal = {Poetics }, 
  issn    = {0304-422X}, 
  doi     = {10.1016/s0304-422x(99)00026-1}, 
  url     = {https://citeseerx.ist.psu.edu/document?repid=rep1&type=pdf&doi=5e8f1c6eb4fda0065696480dee354d92bfa3df72}, 
  pages   = {91--115}, 
  number  = {2}, 
  volume  = {27}, 
  month   = {3}
}
@article{rouanet2000geometric-a44, 
  year    = {2000}, 
  title   = {The Geometric Analysis of Questionnaires: the Lesson of Bourdieu's La       Distinction}, 
  author  = {Rouanet, Henry and Ackermann, Wemer and Roux, Brigitte Le}, 
  journal = {Bulletin of Sociological Methodology/Bulletin de Méthodologie Sociologique}, 
  issn    = {0759-1063}, 
  doi     = {10.1177/075910630006500103}, 
  url     = {https://journals.sagepub.com/doi/pdf/10.1177/075910630006500103?casa_token=rzwiT9Mdy_gAAAAA:kFcnqiVyyLXoCgpinlU-CQxspu7WZyUkQ_3FV7ay8bgTeGQc3xiwmCznJZmnC9rNkPNkgHNgZ5AC}, 
  pages   = {5--18}, 
  number  = {1}, 
  volume  = {65}, 
  month   = {1}
}
@article{romney1986culture-aaa, 
  year    = {1986}, 
  title   = {Culture as Consensus: A Theory of Culture and Informant Accuracy}, 
  author  = {Romney, A Kimball and Weller, Susan C and Batchelder, William H}, 
  journal = {American anthropologist}, 
  issn    = {0002-7294}, 
  doi     = {10.1525/aa.1986.88.2.02a00020}, 
  url     = {https://anthrosource.onlinelibrary.wiley.com/doi/pdf/10.1525/aa.1986.88.2.02a00020?casa_token=urHtGlARJ90AAAAA:QkMxz331OpADcAEK6aRGWIoM4uq0-64RQ-tLs28XHo4Go4P8WBuLASEWSgNgdWqVqgkpVp7hkkoQVw}, 
  pages   = {313--338}, 
  number  = {2}, 
  volume  = {88}
}
@incollection{basov2017duality-24b, 
  year      = {2017}, 
  title     = {Duality Beyond Dyads: Multiplex Patterning of Social Ties and Cultural       Meanings}, 
  author    = {Basov, Nikita and Brennecke, Julia}, 
  booktitle = {Structure, Content and Meaning of Organizational Networks}, 
  isbn      = {9781787144330}, 
  url       = {https://www.researchgate.net/profile/Nikita-Basov/publication/320167104_Duality_Beyond_Dyads_Multiplex_Patterning_of_Social_Ties_and_Cultural_Meanings/links/5d9f36b045851553ff859acd/Duality-Beyond-Dyads-Multiplex-Patterning-of-Social-Ties-and-Cultural-Meanings.pdf}, 
  pages     = {87--112}, 
  volume    = {53}, 
  series    = {Research in the Sociology of Organizations}, 
  publisher = {Emerald Publishing Limited}, 
  doi       = {10.1108/s0733-558x20170000053005}, 
  month     = {1}
}
@article{breiger1974duality-1d0, 
  year    = {1974}, 
  title   = {The Duality of Persons and Groups}, 
  author  = {Breiger, Ronald L}, 
  journal = {Social forces; a scientific medium of social study and interpretation}, 
  issn    = {0037-7732}, 
  doi     = {10.1093/sf/53.2.181}, 
  url     = {http://www.uvm.edu/~pdodds/teaching/courses/2009-08UVM-300/docs/others/1974/breiger1974.pdf}, 
  pages   = {181--190}, 
  number  = {2}, 
  volume  = {53}, 
  note    = {10.1093/sf/53.2.181}
}
@article{lizardo2015musical-8c6, 
  year     = {2015}, 
  keywords = {Musical taste, Generations, Field theory, Social change}, 
  title    = {Musical taste and patterns of symbolic exclusion in the United States       1993–2012: Generational dynamics of differentiation and continuity}, 
  author   = {Lizardo, Omar and Skiles, Sara}, 
  journal  = {Poetics }, 
  issn     = {0304-422X}, 
  doi      = {10.1016/j.poetic.2015.08.003}, 
  url      = {http://dx.doi.org/10.1016/j.poetic.2015.08.003}, 
  pages    = {9--21}, 
  volume   = {53}, 
  month    = {12}
}
@article{batchelder1997consensus-f5c, 
  year    = {1997}, 
  title   = {Consensus analysis of three‐way social network data}, 
  author  = {Batchelder, William H. and Kumbasar, Ece and Boyd, John P.}, 
  journal = {The Journal of Mathematical Sociology}, 
  issn    = {0022-250X}, 
  doi     = {10.1080/0022250x.1997.9990193}, 
  pages   = {29--58}, 
  number  = {1}, 
  volume  = {22}
}
@article{kumbasar1994systematic-213, 
  year    = {1994}, 
  title   = {Systematic Biases in Social Perception}, 
  author  = {Kumbasar, Ece and Rommey, A Kimball and Batchelder, William H}, 
  journal = {American Journal of Sociology}, 
  issn    = {0002-9602}, 
  doi     = {10.1086/230544}, 
  pages   = {477--505}, 
  number  = {2}, 
  volume  = {100}
}
@book{roux2004geometric-65c, 
  year      = {2004}, 
  title     = {Geometric Data Analysis: From Correspondence Analysis to Structured Data       Analysis}, 
  author    = {Roux, Brigitte Le and Rouanet, Henry}, 
  isbn      = {9781402022357}, 
  url       = {http://www.skeptron.uu.se/broady/sec/k-16-kap-le-roux-slides.pdf}, 
  publisher = {Springer Science \& Business Media}, 
  month     = {6}
}
@article{everett2013dual-projection-c89, 
  year    = {2013}, 
  title   = {The Dual-projection Approach for Two-mode Networks}, 
  author  = {Everett, Martin G and Borgatti, Stephen P}, 
  journal = {Social networks}, 
  issn    = {0378-8733}, 
  pages   = {204--210}, 
  number  = {2}, 
  volume  = {35}
}
@article{neal2014backbone-b29, 
  year     = {2014}, 
  keywords = {Bill co-sponsorship, Binarize, Dichotomize, Political network, Projection, Two-mode}, 
  title    = {The backbone of bipartite projections: Inferring relationships from       co-authorship, co-sponsorship, co-attendance and other co-behaviors}, 
  author   = {Neal, Zachary}, 
  journal  = {Social networks}, 
  issn     = {0378-8733}, 
  doi      = {10.1016/j.socnet.2014.06.001}, 
  url      = {http://dx.doi.org/10.1016/j.socnet.2014.06.001}, 
  pages    = {84--97}, 
  volume   = {39}, 
  month    = {10}
}
@article{lee2018doorway-008, 
  year     = {2018}, 
  keywords = {Duality, Culture, Meaning, Critical theory}, 
  title    = {Doorway to the dharma of duality}, 
  author   = {Lee, Monica and Martin, John Levi}, 
  journal  = {Poetics }, 
  issn     = {0304-422X}, 
  doi      = {10.1016/j.poetic.2018.01.001}, 
  url      = {http://dx.doi.org/10.1016/j.poetic.2018.01.001}, 
  pages    = {18--30}, 
  volume   = {68}, 
  month    = {6}
}
@article{hunzaker2019mapping-280, 
  year    = {2019}, 
  title   = {Mapping Cultural Schemas: From Theory to Method}, 
  author  = {Hunzaker, M B Fallin and Valentino, Lauren}, 
  journal = {American sociological review}, 
  issn    = {0003-1224}, 
  doi     = {10.1177/0003122419875638}, 
  url     = {https://journals.sagepub.com/doi/pdf/10.1177/0003122419875638?casa_token=kmwyMGVqm0oAAAAA:B4g0UqAYBzXWqQ-FlEg3uDR1Npb1yPHz-xMowYzLY2cOXN0gocE8sN3hGlV2QlHzPHd8q884fYjH}, 
  pages   = {950--981}, 
  number  = {5}, 
  volume  = {84}, 
  note    = {doi: 10.1177/0003122419875638}, 
  month   = {10}
}
@article{serrano2009extracting-084, 
  year    = {2009}, 
  title   = {Extracting the multiscale backbone of complex weighted networks}, 
  author  = {Serrano, M. Ángeles and Boguñá, Marián and Vespignani, Alessandro}, 
  journal = {Proceedings of the National Academy of Sciences}, 
  issn    = {0027-8424}, 
  doi     = {10.1073/pnas.0808904106}, 
  pmid    = {19357301}, 
  pmcid   = {{PMC}2672499}, 
  eprint  = {0904.2389}, 
  pages   = {6483--6488}, 
  number  = {16}, 
  volume  = {106}
}
@article{lopes1999diffusion-1fa, 
  year    = {1999}, 
  title   = {Diffusion and Syncretism: The Modern Jazz Tradition}, 
  author  = {Lopes, Paul}, 
  journal = {The Annals of the American Academy of Political and Social Science}, 
  issn    = {0002-7162}, 
  doi     = {10.1177/000271629956600103}, 
  pages   = {25--36}, 
  number  = {1}, 
  volume  = {566}
}